<record><leader>00000cas a2200000 a 4500</leader><controlfield tag="001">7909065</controlfield><controlfield tag="008">811105c19479999mducr ne      0   a0eng d</controlfield><controlfield tag="009">1935</controlfield><datafield ind1=" " ind2=" " tag="010"><subfield code="a">sn 89061525 </subfield></datafield><datafield ind1=" " ind2=" " tag="040"><subfield code="a">MDS</subfield><subfield code="b">eng</subfield><subfield code="c">MDS</subfield><subfield code="d">MFN</subfield><subfield code="d">OCL</subfield><subfield code="d">MFN</subfield><subfield code="d">OCL</subfield></datafield><datafield ind1=" " ind2=" " tag="012"><subfield code="b">3</subfield></datafield><datafield ind1=" " ind2=" " tag="019"><subfield code="a">20508172</subfield></datafield><datafield ind1=" " ind2=" " tag="042"><subfield code="a">msc</subfield></datafield><datafield ind1=" " ind2=" " tag="043"><subfield code="a">n-us-md</subfield></datafield><datafield ind1="0" ind2=" " tag="130"><subfield code="a">Enterprise (Leonardtown, Md.)</subfield></datafield><datafield ind1="0" ind2="4" tag="245"><subfield code="a">The enterprise.</subfield></datafield><datafield ind1=" " ind2=" " tag="260"><subfield code="a">Leonardtown, Md. :</subfield><subfield code="b">S. Fahnestock,</subfield></datafield><datafield ind1=" " ind2=" " tag="300"><subfield code="a">v.</subfield></datafield><datafield ind1=" " ind2=" " tag="310"><subfield code="a">Semiweekly,</subfield><subfield code="b">Aug. 19, 1981-</subfield></datafield><datafield ind1=" " ind2=" " tag="321"><subfield code="a">Weekly,</subfield><subfield code="b">1947-Aug. 12, 1981</subfield></datafield><datafield ind1="0" ind2=" " tag="362"><subfield code="a">Vol. 60, no. 35 (Oct. 31, 1947)-</subfield></datafield><datafield ind1=" " ind2=" " tag="500"><subfield code="a">Published at Lexington Park, Md., Mar. 20, 1952-</subfield></datafield><datafield ind1=" " ind2=" " tag="752"><subfield code="a">United States</subfield><subfield code="b">Maryland</subfield><subfield code="c">Saint Mary's</subfield><subfield code="d">Lexington Park.</subfield></datafield><datafield ind1=" " ind2=" " tag="752"><subfield code="a">United States</subfield><subfield code="b">Maryland</subfield><subfield code="c">Saint Mary's</subfield><subfield code="d">Leonardtown.</subfield></datafield><datafield ind1="0" ind2="0" tag="780"><subfield code="t">St. Mary's enterprise</subfield><subfield code="w">(DLC)sn 89060226</subfield></datafield></record>